@article{Cisco2020,
  title = {Cisco Annual Internet Report (2018â€“2023) White Paper},
  author={Cisco, U},
  journal={Cisco: San Jose, CA, USA},
  volume={10},
  number={1},
  pages={1--35},
  year = {2020},
  journal = {Cisco White Papers},
  url = {https://www.cisco.com/c/en/us/solutions/collateral/executive-perspectives/annual-internet-report/white-paper-c11-741490.html}
}

@article{IoTAnalytics2021,
  title = {State of IoT 2021: Number of connected IoT devices growing 9\% to 12.3 billion globally, cellular IoT now surpassing 2 billion},
  author={Sinha, Satyajit},
  journal={IoT Analytics: Market Insights for the Internet of Things},
  year = {2021},
  url = {https://iot-analytics.com/number-connected-iot-devices/}
}

@article{Bertino2017,
  title = {Botnets and Internet of Things Security},
  author = {Bertino, Elisa and Islam, Nayeem},
  journal = {Computer},
  volume = {50},
  number = {2},
  pages = {76--79},
  year = {2017},
  publisher = {IEEE}
}

@inproceedings{Antonakakis2017,
  title={Understanding the mirai botnet},
  author={Antonakakis, Manos and April, Tim and Bailey, Michael and Bernhard, Matt and Bursztein, Elie and Cochran, Jaime and Durumeric, Zakir and Halderman, J Alex and Invernizzi, Luca and Kallitsis, Michalis and others},
  booktitle={26th USENIX security symposium (USENIX Security 17)},
  pages={1093--1110},
  year={2017}
}

@article{Kambourakis2021,
  title = {The Mirai Botnet and the IoT Zombie Armies},
  author = {Kambourakis, Georgios and Kolias, Constantinos and Stavrou, Angelos},
  booktitle={MILCOM 2017-2017 IEEE military communications conference (MILCOM)},
  pages={267--272},
  year={2017},
  organization={IEEE}
}

@article{Neshenko2019,
  title = {Demystifying IoT Security: An Exhaustive Survey on IoT Vulnerabilities and a First Empirical Look on Internet-Scale IoT Exploitations},
  author = {Neshenko, Nataliia and Bou-Harb, Elias and Crichigno, Jorge and Kaddoum, Georges and Ghani, Nasir},
  journal = {IEEE Communications Surveys \& Tutorials},
  volume = {21},
  number = {3},
  pages = {2702--2733},
  year = {2019},
  publisher = {IEEE}
}

@article{Nguyen2019,
  title = {Machine Learning and Deep Learning Frameworks and Libraries for Large-Scale Data Mining: A Survey},
  author={Nguyen, Giang and Dlugolinsky, Stefan and Bob{\'a}k, Martin and Tran, Viet and L{\'o}pez Garc{\'\i}a, {\'A}lvaro and Heredia, Ignacio and Mal{\'\i}k, Peter and Hluch{\`y}, Ladislav},
  journal = {Artificial Intelligence Review},
  volume={52},
  pages={77--124},
  year={2019},
  publisher={Springer}
}

@article{Diro2018,
  title={Distributed attack detection scheme using deep learning approach for Internet of Things},
  author={Diro, Abebe Abeshu and Chilamkurti, Naveen},
  journal={Future Generation Computer Systems},
  volume={82},
  pages={761--768},
  year={2018},
  publisher={Elsevier}
}

@article{Buczak2016,
  title={A survey of data mining and machine learning methods for cyber security intrusion detection},
  author={Buczak, Anna L and Guven, Erhan},
  journal={IEEE Communications surveys \& tutorials},
  volume={18},
  number={2},
  pages={1153--1176},
  year={2015},
  publisher={IEEE}
}

@article{Aldweesh2020,
  title={Deep learning approaches for anomaly-based intrusion detection systems: A survey, taxonomy, and open issues},
  author={Aldweesh, Arwa and Derhab, Abdelouahid and Emam, Ahmed Z},
  journal={Knowledge-Based Systems},
  volume={189},
  pages={105124},
  year={2020},
  publisher={Elsevier}
}

@article{Vinayakumar2019,
  title={Deep learning approach for intelligent intrusion detection system},
  author={Vinayakumar, Ravi and Alazab, Mamoun and Soman, K Padannayil and Poornachandran, Prabaharan and Al-Nemrat, Ameer and Venkatraman, Sitalakshmi},
  journal={IEEE access},
  volume={7},
  pages={41525--41550},
  year={2019},
  publisher={IEEE}
}

@article{Mehrban2021,
  title={Malware Detection in IOT Systems Using Machine Learning Techniques},
  author={Mehrban, Ali and Ahadian, Pegah},
  journal={International Journal of Wireless \& Mobile Networks (IJWMN)},
  volume={15},
  number={6},
  year={2023}
}

@article{Diro2021,
  title={A comprehensive study of anomaly detection schemes in IoT networks using machine learning algorithms},
  author={Diro, Abebe and Chilamkurti, Naveen and Nguyen, Van-Doan and Heyne, Will},
  journal={Sensors},
  volume={21},
  number={24},
  pages={8320},
  year={2021},
  publisher={MDPI}
}

@inproceedings{HaddadPajouh2018,
  title={A deep recurrent neural network based approach for internet of things malware threat hunting},
  author={HaddadPajouh, Hamed and Dehghantanha, Ali and Khayami, Raouf and Choo, Kim-Kwang Raymond},
  journal={Future Generation Computer Systems},
  volume={85},
  pages={88--96},
  year={2018},
  publisher={Elsevier}
}

@article{riaz2022malware,
  title={Malware detection in internet of things (IoT) devices using deep learning},
  author={Riaz, Sharjeel and Latif, Shahzad and Usman, Syed Muhammad and Ullah, Syed Sajid and Algarni, Abeer D and Yasin, Amanullah and Anwar, Aamir and Elmannai, Hela and Hussain, Saddam},
  journal={Sensors},
  volume={22},
  number={23},
  pages={9305},
  year={2022},
  publisher={MDPI}
}

@article{baich2022machine,
  title={Machine Learning for IoT based networks intrusion detection: a comparative study},
  author={Baich, Marwa and Hamim, Touria and Sael, Nawal and Chemlal, Yman},
  journal={Procedia Computer Science},
  volume={215},
  pages={742--751},
  year={2022},
  publisher={Elsevier}
}

@article{saran2023comparative,
  title={A comparative study of supervised Machine Learning classifiers for Intrusion Detection in Internet of Things},
  author={Saran, Naveen and Kesswani, Nishtha},
  journal={Procedia Computer Science},
  volume={218},
  pages={2049--2057},
  year={2023},
  publisher={Elsevier}
}


@article{Anthi2019,
  title={A supervised intrusion detection system for smart home IoT devices},
  author={Anthi, Eirini and Williams, Lowri and S{\l}owi{\'n}ska, Ma{\l}gorzata and Theodorakopoulos, George and Burnap, Pete},
  journal={IEEE Internet of Things Journal},
  volume={6},
  number={5},
  pages={9042--9053},
  year={2019},
  publisher={IEEE}
}


@article{booij2021ton_iot,
  title={ToN\_IoT: The role of heterogeneity and the need for standardization of features and attack types in IoT network intrusion data sets},
  author={Booij, Tim M and Chiscop, Irina and Meeuwissen, Erik and Moustafa, Nour and Den Hartog, Frank TH},
  journal={IEEE Internet of Things Journal},
  volume={9},
  number={1},
  pages={485--496},
  year={2021},
  publisher={IEEE}
}

@article{Koroniotis2019,
  title={Towards the development of realistic botnet dataset in the internet of things for network forensic analytics: Bot-iot dataset},
  author={Koroniotis, Nickolaos and Moustafa, Nour and Sitnikova, Elena and Turnbull, Benjamin},
  journal={Future Generation Computer Systems},
  volume={100},
  pages={779--796},
  year={2019},
  publisher={Elsevier}
}

@book{bhattacharjee2018practical,
  title={Practical Industrial Internet of Things security: A practitioner's guide to securing connected industries},
  author={Bhattacharjee, Sravani},
  year={2018},
  publisher={Packt Publishing Ltd}
}


@article{Meidan2018,
  title = {N-BaIoT: Network-based Detection of IoT Botnet Attacks Using Deep Autoencoders},
  author = {Meidan, Yair and Bohadana, Michael and Mathov, Yael and Mirsky, Yisroel and Shabtai, Asaf and Breitenbacher, Dominik and Elovici, Yuval},
  journal = {IEEE Pervasive Computing},
  volume = {17},
  number = {3},
  pages = {12--22},
  year = {2018},
  publisher = {IEEE},
}

@article{Sharafaldin2018,
  title={Toward generating a new intrusion detection dataset and intrusion traffic characterization.},
  author={Sharafaldin, Iman and Lashkari, Arash Habibi and Ghorbani, Ali A and others},
  journal={ICISSp},
  volume={1},
  number={2018},
  pages={108--116},
  year={2018}
}

@article{Ngo2020,
  title={A survey of IoT malware and detection methods based on static features},
  author={Ngo, Quoc-Dung and Nguyen, Huy-Trung and Le, Van-Hoang and Nguyen, Doan-Hieu},
  journal={ICT express},
  volume={6},
  number={4},
  pages={280--286},
  year={2020},
  publisher={Elsevier}
}


@inproceedings{Hasan2019,
  title={Attack and anomaly detection in IoT sensors in IoT sites using machine learning approaches},
  author={Hasan, Mahmudul and Islam, Md Milon and Zarif, Md Ishrak Islam and Hashem, MMA},
  journal={Internet of Things},
  volume={7},
  pages={100059},
  year={2019},
  publisher={Elsevier}
}

@inproceedings{Chadha2021,
  title={Group anomaly detection using deep generative models},
  author={Chalapathy, Raghavendra and Toth, Edward and Chawla, Sanjay},
  booktitle={Machine Learning and Knowledge Discovery in Databases: European Conference, ECML PKDD 2018, Dublin, Ireland, September 10--14, 2018, Proceedings, Part I 18},
  pages={173--189},
  year={2019},
  organization={Springer}
}

@article{Passerini2019,
  title={Smart grid monitoring using power line modems: Anomaly detection and localization},
  author={Passerini, Federico and Tonello, Andrea M},
  journal={IEEE Transactions on Smart Grid},
  volume={10},
  number={6},
  pages={6178--6186},
  year={2019},
  publisher={IEEE}
}

@inproceedings{Karthikeyan2011,
  title={Malware images: visualization and automatic classification},
  author={Nataraj, Lakshmanan and Karthikeyan, Sreejith and Jacob, Gregoire and Manjunath, Bangalore S},
  booktitle={Proceedings of the 8th international symposium on visualization for cyber security},
  pages={1--7},
  year={2011}
}

@inproceedings{Ferrari2019,
  title={Performance evaluation of full-cloud and edge-cloud architectures for Industrial IoT anomaly detection based on deep learning},
  author={Ferrari, Paolo and Rinaldi, Stefano and Sisinni, Emiliano and Colombo, F and Ghelfi, F and Maffei, Davide and Malara, Matteo},
  booktitle={2019 II Workshop on Metrology for Industry 4.0 and IoT (MetroInd4. 0\&IoT)},
  pages={420--425},
  year={2019},
  organization={IEEE}
}

@article{Doshi2018,
  title={Machine learning ddos detection for consumer internet of things devices},
  author={Doshi, Rohan and Apthorpe, Noah and Feamster, Nick},
  booktitle={2018 IEEE Security and Privacy Workshops (SPW)},
  pages={29--35},
  year={2018},
  publisher={IEEE}
}

@article{bhayo2023towards,
  title={Towards a machine learning-based framework for DDOS attack detection in software-defined IoT (SD-IoT) networks},
  author={Bhayo, Jalal and Shah, Syed Attique and Hameed, Sufian and Ahmed, Awais and Nasir, Jamal and Draheim, Dirk},
  journal={Engineering Applications of Artificial Intelligence},
  volume={123},
  pages={106432},
  year={2023},
  publisher={Elsevier}
}

@article{Bartos2019,
  title = {Optimization of Intrusion Detection Systems for IoT Applications based on Deep Learning},
  author = {Bartos, Karel and Sofka, Michal and Franc, Vojtech},
  journal = {Journal of Cybersecurity and Privacy},
  volume = {1},
  number = {4},
  pages = {697--726},
  year = {2019},
  publisher = {MDPI},
  doi = {10.3390/jcp1040036}
}

@article{Sarigiannidis2021,
  title = {IDEAL-IoT: An Efficient Deep Learning Approach for Anomaly Detection in IoT Networks},
  author = {Sarigiannidis, Panagiotis and Karapistoli, Eirini and Stratogiannis, Dimitrios},
  journal = {IEEE Internet of Things Journal},
  volume = {8},
  number = {6},
  pages = {4711--4722},
  year = {2021},
  publisher = {IEEE},
  doi = {10.1109/JIOT.2020.3033278}
}

@inproceedings{Zhao2020,
  title = {Self-Supervised Learning for IoT Network Anomaly Detection},
  author = {Zhao, Yusha and Chen, Hong and Duggins, Reid and Su, Jing},
  booktitle = {2020 IEEE International Conference on Big Data (Big Data)},
  pages = {2215--2224},
  year = {2020},
  publisher = {IEEE},
  doi = {10.1109/BigData50022.2020.9377960}
}

@article{Raza2019,
  title = {Adaptive and Real-time Anomaly Detection for IoT Networks},
  author = {Raza, Shahid and Wallgren, Linus and Voigt, Thiemo},
  journal = {IEEE Internet of Things Journal},
  volume = {6},
  number = {2},
  pages = {2168--2177},
  year = {2019},
  publisher = {IEEE},
  doi = {10.1109/JIOT.2018.2879851}
}

@inproceedings{Sethi2019,
  title = {Impact of Concept Drift in IoT Network Intrusion Detection},
  author = {Sethi, Kanishka and Kumar, Rajesh and Prajapati, Nischal and Bera, Preetam},
  booktitle = {2019 International Conference on Emerging Trends in Information Technology and Engineering (ic-ETITE)},
  pages = {1--6},
  year = {2019},
  publisher = {IEEE},
  doi = {10.1109/ic-ETITE.2019.8732889}
}

@article{Liu2021,
  title = {Transfer Learning for IoT Attack Detection with Deep Neural Networks},
  author = {Liu, Yang and Zhu, Liang and Xia, Zheng and Ho, Ivan Wang-Hei},
  journal = {IEEE Internet of Things Journal},
  volume = {8},
  number = {13},
  pages = {10286--10296},
  year = {2021},
  publisher = {IEEE},
  doi = {10.1109/JIOT.2021.3051516}
}

@article{Lopez-Martin2020,
  title = {Network Traffic Classifier With Convolutional and Recurrent Neural Networks for Internet of Things},
  author = {Lopez-Martin, Manuel and Carro, Belen and Sanchez-Esguevillas, Antonio and Lloret, Jaime},
  journal = {IEEE Access},
  volume = {8},
  pages = {4038--4049},
  year = {2020},
  publisher = {IEEE},
  doi = {10.1109/ACCESS.2019.2960956}
}

@inproceedings{Wang2019,
  title = {End-to-End Encrypted Traffic Classification with One-Dimensional Convolution Neural Networks},
  author = {Wang, Wei and Zhu, Ming and Wang, Jinlin and Zeng, Xuewen and Yang, Zhongxue},
  booktitle = {2019 IEEE International Conference on Intelligence and Security Informatics (ISI)},
  pages = {43--48},
  year = {2019},
  publisher = {IEEE},
  doi = {10.1109/ISI.2019.8823270}
}

@article{Zhang2021,
  title = {AttFlow: An Attention-Based Bidirectional LSTM Model for Network Traffic Classification in IoT},
  author = {Zhang, Jielun and Chen, Xiangguo and Xiang, Yang and Zhou, Wanlei and Wu, Jun},
  journal = {IEEE Internet of Things Journal},
  volume = {8},
  number = {15},
  pages = {12202--12214},
  year = {2021},
  publisher = {IEEE},
  doi = {10.1109/JIOT.2021.3059972}
}

@inproceedings{Zhou2020,
  title = {Graph Neural Networks for Anomaly Detection in Industrial Internet of Things},
  author = {Zhou, Dawei and Wang, Zhili and Bandyopadhyay, Shreya and Donti, Priya and Venayagamoorthy, Ganesh Kumar},
  booktitle = {2020 International Conference on Internet of Things and Intelligence System (IoTaIS)},
  pages = {45--52},
  year = {2020},
  publisher = {IEEE},
  doi = {10.1109/IoTaIS50849.2020.9320312}
}

@article{Guo2021,
  title = {Lightweight Models for IoT Network Intrusion Detection With Efficient Deep Learning Techniques},
  author = {Guo, Ying and Liu, Yisha and Osei-Bryson, Kweku-Muata and Vlahopoulos, Nikolaos},
  journal = {IEEE Internet of Things Journal},
  volume = {8},
  number = {12},
  pages = {9961--9974},
  year = {2021},
  publisher = {IEEE},
  doi = {10.1109/JIOT.2021.3056179}
}

@article{Mahbooba2021,
  title = {Explainable Artificial Intelligence (XAI) to Enhance Trust Management in Intrusion Detection Systems Using Decision Tree Model},
  author = {Mahbooba, Bahar and Timilsina, Mohan and Sahal, Reham and Serrano, Martin},
  journal = {Complexity},
  volume = {2021},
  pages = {6634811},
  year = {2021},
  publisher = {Hindawi},
  doi = {10.1155/2021/6634811}
}

@inproceedings{Verma2020,
  title = {Toward Explainable Deep Learning for IoT Security: A Two-Tier Interpretable Detection System},
  author = {Verma, Deepali and Das, Baidyanath and Kaushik, Shashvat},
  booktitle = {2020 IEEE Conference on Network Function Virtualization and Software Defined Networks (NFV-SDN)},
  pages = {73--80},
  year = {2020},
  publisher = {IEEE},
  doi = {10.1109/NFV-SDN50289.2020.9289924}
}

@article{Ribeiro2018,
  title = {"Why Should I Trust You?": Explaining the Predictions of Any Classifier},
  author = {Ribeiro, Marco Tulio and Singh, Sameer and Guestrin, Carlos},
  journal = {Knowledge Discovery and Data Mining},
  pages = {1135--1144},
  year = {2018},
  publisher = {ACM},
  doi = {10.1145/2939672.2939778}
}

@inproceedings{Amarasinghe2020,
  title = {Interpretable Network Traffic Classification for Enhanced Security in IoT},
  author = {Amarasinghe, Kasun and Kenney, Kevin and Manic, Milos},
  booktitle = {2020 IEEE International Conference on Industrial Technology (ICIT)},
  pages = {1160--1165},
  year = {2020},
  publisher = {IEEE},
  doi = {10.1109/ICIT45562.2020.9067211}
}

@article{Guo2020,
  title = {Visualizing and Understanding Temporal Behaviour in Network Traffic Analysis},
  author = {Guo, Wei and Mu, Dongyan and Xu, Jun and Su, Ping and Wang, Gang and Xing, Xinyu},
  journal = {IEEE Transactions on Network and Service Management},
  volume = {17},
  number = {1},
  pages = {175--189},
  year = {2020},
  publisher = {IEEE},
  doi = {10.1109/TNSM.2020.2966983}
}

@article{Corona2017,
  title = {Adversarial Machine Learning in Computer Security: A Survey},
  author = {Corona, Igino and Biggio, Battista and Maiorca, Davide and Nelson, Blaine and Srndic, Nedim and Laskov, Pavel and Giacinto, Giorgio and Roli, Fabio},
  journal = {ACM Computing Surveys},
  volume = {49},
  number = {4},
  pages = {1--31},
  year = {2017},
  publisher = {ACM},
  doi = {10.1145/3054912}
}

@inproceedings{Chen2019,
  title = {Adversarial Attacks Against Intrusion Detection Systems: Taxonomy, Solutions and Open Issues},
  author = {Chen, Lei and Yang, Shuo and Zhao, Jianhua and Zhou, Menghui},
  booktitle = {Information Sciences},
  volume = {493},
  pages = {43--61},
  year = {2019},
  publisher = {Elsevier},
  doi = {10.1016/j.ins.2019.04.025}
}

@article{Apruzzese2019,
  title = {On the Effectiveness of Machine and Deep Learning for Cyber Security},
  author = {Apruzzese, Giovanni and Colajanni, Michele and Ferretti, Luca and Guido, Alessandro and Marchetti, Mirco},
  journal = {2019 10th International Conference on Cyber Conflict (CyCon)},
  pages = {1--24},
  year = {2019},
  publisher = {IEEE},
  doi = {10.23919/CYCON.2019.8756865}
}

@article{Venkatesan2021,
  title = {Robust Adversarial Learning for Detecting Malicious Traffic in IoT Networks},
  author = {Venkatesan, Ramakrishnan and Hsieh, Meng-Chieh and Sanghavi, Prasanna and Baral, Chitta},
  journal = {IEEE Transactions on Network and Service Management},
  volume = {18},
  number = {3},
  pages = {3542--3557},
  year = {2021},
  publisher = {IEEE},
  doi = {10.1109/TNSM.2021.3089583}
}

@article{Pawlicki2020,
  title = {Defending Against Adversarial Attacks in Network Traffic Domains},
  author = {Pawlicki, Marek and ChoraÅ›, MichaÅ‚ and Kozik, RafaÅ‚},
  journal = {Sensors},
  volume = {20},
  number = {17},
  pages = {4372},
  year = {2020},
  publisher = {MDPI},
  doi = {10.3390/s20174372}
}

@article{Pajouh2018,
  title = {Edge-Based IDS for IoT Environments: Architecture and Defense Mechanisms},
  author = {Pajouh, Hamed Haddad and Javidan, Raouf and Khayami, Reza and Dehghantanha, Ali and Choo, Kim-Kwang Raymond},
  journal = {ACM Transactions on Internet Technology},
  volume = {18},
  number = {4},
  pages = {1--22},
  year = {2018},
  publisher = {ACM},
  doi = {10.1145/3230688}
}

@inproceedings{Mishra2020,
  title = {HIDS-IoT: Hierarchical Intrusion Detection System for Internet of Things},
  author = {Mishra, Prabhishek and Varadharajan, Vijay and Tupakula, Uday and Pilli, Emmanuel S.},
  booktitle = {2020 IEEE 19th International Symposium on Network Computing and Applications (NCA)},
  pages = {1--10},
  year = {2020},
  publisher = {IEEE},
  doi = {10.1109/NCA51143.2020.9306721}
}

@article{Li2019,
  title = {Resource-Aware ML-Based Monitoring Architecture for Securing IoT Edge Devices},
  author = {Li, Xiaojiang and Fang, Yi and Zhang, Xianqiang and Wu, Shangguang},
  journal = {IEEE Internet of Things Journal},
  volume = {6},
  number = {3},
  pages = {4526--4535},
  year = {2019},
  publisher = {IEEE},
  doi = {10.1109/JIOT.2018.2883344}
}

@article{Samie2020,
  title = {Efficient, Lightweight, and Robust: Tools and Algorithms for Securing IoT Applications},
  author = {Samie, Farzad and Bauer, Lars and Henkel, JÃ¶rg},
  journal = {IEEE Design \& Test},
  volume = {37},
  number = {2},
  pages = {93--105},
  year = {2020},
  publisher = {IEEE},
  doi = {10.1109/MDAT.2019.2944358}
}

@article{Shahraki2021,
  title = {Federated Learning for IoT Security: Concepts, Applications, and Challenges},
  author = {Shahraki, Amin and Abbasi, Mahmoud and Taherkordi, Amir},
  journal = {IEEE Access},
  volume = {9},
  pages = {154087--154107},
  year = {2021},
  publisher = {IEEE},
  doi = {10.1109/ACCESS.2021.3128216}
}

@misc{Parmisano2023,
  title = {A labeled dataset with malicious and benign IoT network traffic},
  author = {Parmisano, Agustin and Garcia, Sebastian and Erquiaga, Maria Jose},
  howpublished = {Stratosphere Laboratory},
  month = jan,
  day = {22},
  year = {2023},
  url = {https://www.stratosphereips.org/datasets-iot23}
}

@article{mackiewicz1993principal,
  title={Principal components analysis (PCA)},
  author={Ma{\'c}kiewicz, Andrzej and Ratajczak, Waldemar},
  journal={Computers \& Geosciences},
  volume={19},
  number={3},
  pages={303--342},
  year={1993},
  publisher={Elsevier}
}